@STRING{TOPLAS = {{TOPLAS}}}
@STRING{CACM = {CACM}} 
@STRING{ICFP = {ICFP}}

@Misc{nofib,
  title = 	 {{NoFib: Haskell Benchmark Suite}},
  howpublished = {\url{https://github.com/ghc/nofib}},
  month = 	 {July},
  year = 	 {2015},
  note = 	 {(Last accessed)}
}

@book{Jones87,
  author    = {Simon L. Peyton-Jones},
  title     = {The Implementation of Functional Programming Languages},
  publisher = {Prentice-Hall},
  year      = {1987},
  timestamp = {Thu, 03 Jan 2002 11:51:40 +0100},
  biburl    = {http://dblp.uni-trier.de/rec/bib/books/ph/Jones87},
  bibsource = {dblp computer science bibliography, http://dblp.org}
}

@INPROCEEDINGS{shaham00gc,
  author = {Ran Shaham and Elliot K. Kolodner and Mooly Sagiv},
  title = {On the Effectiveness of GC in Java},
  year = {2000},
  ee = {http://doi.acm.org/10.1145/362422.362430},
  booktitle = {{ISMM}},
}

@inproceedings{wadler88deforest,
 author = {Wadler, Philip},
 title = {Deforestation: transforming programs to eliminate trees},
 booktitle = {{ESOP}},
 year = {1988},
 } 

@INPROCEEDINGS{gill93ashort,
    author = {Andrew Gill and John Launchbury and Simon L Peyton Jones},
    title = {A Short Cut to Deforestation},
    booktitle = {FPCA},
    year = {1993},
 
}

@inproceedings{chitil99deforest,
  author    = {Olaf Chitil},
  title     = {Type Inference Builds a Short Cut to Deforestation},
  booktitle = {ICFP},
  year      = {1999},
}

@inproceedings{hofmann00linear,
  author    = {Martin Hofmann},
  title     = {A Type System for Bounded Space and Functional In-Place
               Update},
  booktitle = {ESOP},
  year      = {2000},
}

@INPROCEEDINGS{shaham01heap,
  author = {Ran Shaham and Elliot K. Kolodner and Mooly Sagiv},
  title = {Heap profiling for space-efficient Java},
  booktitle = {{PLDI}},
  year = {2001},
}

@INPROCEEDINGS{asati14lgc,
  author = {Rahul Asati and Amitabha Sanyal and Amey Karkare and Alan Mycroft},
  title = {Liveness-based Garbage Collection},
  booktitle = {{CC}},
  year = {2014},
}


@ARTICLE{khedker07heap,
  author = {Uday P. Khedker and Amitabha Sanyal and Amey Karkare},
  title = {Heap reference analysis using access graphs},
  journal = TOPLAS,
  year = {2007},
}

@INPROCEEDINGS{chakravarty03perspective,
  author = {Manuel M. T. Chakravarty and Gabriele Keller and Patryk Zadarnowski},
  title = {A Functional Perspective on {SSA} Optimisation Algorithms},
  booktitle = {COCV},
  year = {2003},
 }  

@INPROCEEDINGS{rojemo96lag,
  author = {Niklas R\"ojemo and Colin Runciman},
  title = {Lag, drag, void and use---heap profiling and space-efficient
  compilation revisited},
  booktitle = ICFP,
  year = {1996},
}

@INCOLLECTION{mohri00regular,
  author = {Mohri, Mehryar and Nederhof, Mark-Jan},
  title = {Regular Approximation of Context-Free Grammars
                  through  Transformation},
  booktitle = {Robustness in Language and Speech Technology},
  editor = {Junqua, Jean-Claude  and van Noord, Gertjan},
  publisher = {Kluwer Academic Publishers},
  pages = {251--261},
  year = {2000}
}

@ARTICLE{nederhof00practical,
  author = { Nederhof, Mark-Jan},
  title = {Practical Experiments with Regular Approximation
                  of Context-Free Languages},
  journal = {Computational Linguistics},
  volume = {26},
  number = {1},
  year={2000}
}


@BOOK{hopcraft90toc,
  author = {John E. Hopcroft and Jeffrey D. Ullman},
  title = {Introduction To Automata Theory, Languages, And Computation},
  year = {1990},
  isbn = {020102988X},
  publisher = {Addison-Wesley Longman Publishing Co., Inc.},
  address = {Boston, MA, USA}
}

@ARTICLE{barth77shifting,
  author = {Jeffrey M. Barth},
  title = {Shifting garbage collection overhead to compile time},
  journal = CACM,
  volume = {20},
  number = {7},
  year = {1977},
  issn = {0001-0782},
  pages = {513--518},
  doi = {http://doi.acm.org/10.1145/359636.359713},
  publisher = {ACM},
  address = {New York, NY, USA}
}

@INPROCEEDINGS{jones89compile,
  author = {Simon B. Jones and Daniel Le Metayer},
  title = {Compile-time garbage collection by sharing analysis},
 booktitle = {{FPCA}},
  year = {1989},
}

@ARTICLE{inoue88analysis,
  author = {Katsuro Inoue and Hiroyuki Seki and Hikaru Yagi},
  title = {Analysis of functional programs to detect run-time garbage cells},
  journal = TOPLAS,
  year = {1988},
}

@INPROCEEDINGS{guyer06free,
  author = {Samuel Z. Guyer and Kathryn S. McKinley and Daniel Frampton},
  title = {Free-Me: a static analysis for automatic individual object
 reclamation},
  booktitle = {{PLDI}},
  year = {2006},
}

@MISC{karkare06effectiveness,
  author = {Amey Karkare and Amitabha Sanyal and Uday Khedker},
  title = {Effectiveness of Garbage Collection in {MIT/GNU} {S}cheme},
  howpublished = {\url{http://arxiv.org/abs/cs/0611093}},
  year = {2006}
}

@ARTICLE{Blanchet:2003:EAJ,
  author = {Bruno Blanchet},
  title = {Escape analysis for {Java$^{TM}$}: {T}heory and practice},
  journal = TOPLAS,
  volume = {25},
  number = {6},
  year = {2003},
  issn = {0164-0925},
  pages = {713--775},
  doi = {http://doi.acm.org/10.1145/945885.945886},
  publisher = {ACM},
  address = {New York, NY, USA}
}

@inproceedings{Blanchet:1999:EAO,
 author = {Bruno Blanchet},
 title = {Escape analysis for object-oriented languages: application to
 {J}ava},
 booktitle = {OOPSLA},
 year = {1999},
}

@INPROCEEDINGS{choi99escape,
  author = {Jong-Deok Choi and Manish Gupta and Mauricio Serrano and
 Vugranam C. Sreedhar and Sam Midkiff},
  title = {Escape analysis for {J}ava},
  booktitle = {{OOPSLA}},
  year = {1999},
}

@ARTICLE{tofte98region,
  author = {Mads Tofte and Lars Birkedal},
  title = {A region inference algorithm},
  journal = TOPLAS,
  year = {1998},
}


@INPROCEEDINGS{ran.shaham-sas03,
  author = {Ran Shaham and Eran Yahav and Elliot K. Kolodner and Shmuel Sagiv},
  title = {Establishing Local Temporal Heap Safety Properties with Applications
 to Compile-Time Memory Management},
  booktitle = {{SAS}},
  year = {2003},
  isbn = {3-540-40325-6},
  pages = {483--503},
  publisher = {Springer-Verlag},
  address = {London, UK}
}


@INCOLLECTION{shape.chap,
  author = { M. Sagiv and T. Reps and R. Wilhelm},
  title = {Shape Analysis and Applications},
  booktitle = {Compiler Design Handbook:
                  Optimizations and Machine Code
                  Generation}, 
  editor = {Y. N. Srikant and Priti Shankar},
  year = {2002},
  isbn = {084931240X},
  publisher = {CRC Press, Inc},
  address = {Boca Raton, FL, USA}
}

@INPROCEEDINGS{tofte-region-pldi-02,
  author = {Niels Hallenberg and Martin Elsman and Mads Tofte},
  title = {Combining region inference and garbage collection},
  booktitle = {{PLDI}},
  year = {2002},
}


@inproceedings{karkare07liveness,
 author = {Amey Karkare and Uday Khedker and Amitabha Sanyal},
 title  = {Liveness of Heap Data for Functional Programs},
 booktitle = {Heap Analysis and Verification Workshop (HAV)},
 year = {2007},
 note = {\url{http://research.microsoft.com/~jjb/papers/HAV_proceedings.pdf}}
}

@INPROCEEDINGS{cherem07fast,
  author = { Sigmund Cherem and Radu Rugina },
  title = { A Practical Escape and Effect Analysis for Building 
             Lightweight Method Summaries },
  booktitle = {{CC}},
  year = { 2007 },
  url = { http://www.cs.cornell.edu/~siggi/papers/cc07.pdf }
}

@INPROCEEDINGS{chatterjee99relevant,
  author = {Ramkrishna Chatterjee and Barbara G. Ryder and William A. Landi},
  title = {Relevant context inference},
  booktitle = {{POPL}},
  year = {1999},
}

@INPROCEEDINGS{whaley99compositional,
  author = {John Whaley and Martin Rinard},
  title = {Compositional pointer and escape analysis for Java programs},
  booktitle = {{OOPSLA}},
  year = {1999},
}

@INPROCEEDINGS{agesen98garbage,
  author = {Ole Agesen and David Detlefs and J. Eliot Moss},
  title = {Garbage collection and local variable type-precision and liveness
 in {J}ava virtual machines},
  booktitle = {{PLDI}},
  year = {1998},
}

@INPROCEEDINGS{shaham02estimating,
  author = {Ran Shaham and Elliot K. Kolodner and Mooly Sagiv},
  title = {Estimating the impact of heap liveness information on space
 consumption in {J}ava},
  booktitle = {{ISMM}},
  year = {2002},
}

@article{mcdo98,
 author = {C. E. McDowell},
 title = {Reducing garbage in Java},
 journal = {{SIGPLAN} Notices},
 volume = {33},
 number = {9},
 year = {1998},
 issn = {0362-1340},
 pages = {84--86},
 doi = {http://doi.acm.org/10.1145/290229.290239},
 publisher = {ACM Press},
 address = {New York, NY, USA},
 url = {http://www.cse.ucsc.edu/research/embedded/pubs/gc/},
 comment = {Obtains small improvement by observing that some objects
 do not need to be stack allocated.}
}

@inproceedings{reid99,
 author = {Alastair Reid and John McCorquodale and Jason Baker and
 Wilson Hsieh and Joseph Zachary},
 title = {The Need for Predictable Garbage Collection},
 booktitle = {Proceedings of the {ACM} {SIGPLAN} Workshop on Compiler Support
 for System Software ({WCSSS}'99)},
 year = {1999},
 url = {http://www.cs.utah.edu/flux/papers/gc-wcsss99.ps.gz},
}

@inproceedings{cann00,
 author = {Dante J. Cannarozzi and Michael P. Plezbert and Ron K. Cytron},
 title = {Contaminated garbage collection},
 booktitle = {PLDI},
 year = {2000},
}

@inproceedings{cherem06compile,
 author = {Sigmund Cherem and Radu Rugina},
 title = {Compile-time deallocation of individual objects},
 booktitle = {ISMM},
 year = {2006},
}

@inproceedings{hackett05region,
 author = {Brian Hackett and Radu Rugina},
 title = {Region-based shape analysis with tracked locations},
 booktitle = {POPL '05: Proceedings of the 32nd ACM SIGPLAN-SIGACT
                symposium on Principles of programming languages},
 year = {2005},
 isbn = {1-58113-830-X},
 pages = {310--323},
 location = {Long Beach, California, USA},
 doi = {http://doi.acm.org/10.1145/1040305.1040331},
 publisher = {ACM Press},
 address = {New York, NY, USA},
 }



@inproceedings{mohnen95efficient,
 author = {Markus Mohnen},
 title = {Efficient Compile-Time Garbage Collection for
                  Arbitrary Data Structures},  
 booktitle = {PLILPS '95: Proceedings of the 7th
                  International Symposium on Programming
                  Languages: Implementations, Logics and
                  Programs}, 
 year = {1995},
 isbn = {3-540-60359-X},
 pages = {241--258},
 publisher = {Springer-Verlag},
 address = {London, UK},
 }

@inproceedings{jones79flow,
 author = {Neil D. Jones and Steven S. Muchnick},
 title = {Flow analysis and optimization of LISP-like structures},
 booktitle = {POPL '79: Proceedings of the 6th ACM SIGACT-SIGPLAN
                  symposium on Principles of programming languages}, 
 year = {1979},
 pages = {244--256},
 location = {San Antonio, Texas},
 doi = {http://doi.acm.org/10.1145/567752.567776},
 publisher = {ACM Press},
 address = {New York, NY, USA},
 }

@inproceedings{lee03inserting,
  author    = {Oukseh Lee and
               Hongseok Yang and
               Kwangkeun Yi},
  title     = {Inserting Safe Memory Reuse Commands into {ML}-Like Programs},
  booktitle = {SAS},
  year      = {2003},
}

@article{lee05static,
  author    = {Oukseh Lee and
               Hongseok Yang and
               Kwangkeun Yi},
  title     = {Static insertion of safe and effective memory reuse commands
               into {ML}-like programs},
  journal   = {Science of Computer Programming},
  year      = {2005},
}

@incollection{sharir81two,
  author = {M. Sharir and A. Pnueli},
  title = {Two Approaches to Interprocedural Data Flow Analysis},
  booktitle=  {Program Flow Analysis~: Theory and Applications},
  publisher = {Prentice-Hall Inc.},
  editor = {S. S. Muchnick and N. D. Jones},
  year = {1981}
}

@article{horwitz.faint,
  author    = {Susan Horwitz and
               Alan J. Demers and
               Tim Teitelbaum},
  title     = {An Efficient General Iterative Algorithm for Dataflow Analysis},
  journal   = {Acta Inf.},
  volume    = {24},
  number    = {6},
  pages     = {679--694},
  year      = {1987},
}

@article{Hirzel,
 author = {Hirzel, Martin and Diwan, Amer and Henkel, Johannes},
 title = {On the Usefulness of Type and Liveness Accuracy for Garbage Collection and Leak Detection},
 journal = {ACM Trans. Program. Lang. Syst.},
 issue_date = {November 2002},
 volume = {24},
 number = {6},
 month = nov,
 year = {2002},
 issn = {0164-0925},
 pages = {593--624},
 numpages = {32},
 url = {http://doi.acm.org/10.1145/586088.586089},
 doi = {10.1145/586088.586089},
 acmid = {586089},
 publisher = {ACM},
 address = {New York, NY, USA},
 keywords = {Conservative garbage collection, leak detection, liveness accuracy, program analysis, type accuracy},
} 

@inproceedings{Albert,
 author = {Albert, Elvira and Genaim, Samir and G\'{o}mez-Zamalloa Gil, Miguel},
 title = {Live Heap Space Analysis for Languages with Garbage Collection},
 booktitle = {Proceedings of the 2009 International Symposium on Memory Management},
 series = {ISMM '09},
 year = {2009},
 isbn = {978-1-60558-347-1},
 location = {Dublin, Ireland},
 pages = {129--138},
 numpages = {10},
 url = {http://doi.acm.org/10.1145/1542431.1542450},
 doi = {10.1145/1542431.1542450},
 acmid = {1542450},
 publisher = {ACM},
 address = {New York, NY, USA},
 keywords = {java bytecode, live heap space analysis, low-level languages, peak memory consumption},
} 

@inproceedings{ONeill,
 author = {O'Neill, Melissa E. and Burton, F. Warren},
 title = {Smarter Garbage Collection with Simplifiers},
 booktitle = {Proceedings of the 2006 Workshop on Memory System Performance and Correctness},
 series = {MSPC '06},
 year = {2006},
 isbn = {1-59593-578-9},
 location = {San Jose, California},
 pages = {19--30},
 numpages = {12},
 url = {http://doi.acm.org/10.1145/1178597.1178601},
 doi = {10.1145/1178597.1178601},
 acmid = {1178601},
 publisher = {ACM},
 address = {New York, NY, USA},
 keywords = {finalizer, lightweight daemon, simplifier, weak pointer},
} 

@inproceedings{Hamilton,
 author = {Hamilton, G. W.},
 title = {Compile-Time Garbage Collection for Lazy Functional Languages},
 booktitle = {Proceedings of the International Workshop on Memory Management},
 series = {IWMM '95},
 year = {1995},
 isbn = {3-540-60368-9},
 pages = {119--144},
 numpages = {26},
 url = {http://dl.acm.org/citation.cfm?id=645647.758015},
 acmid = {758015},
 publisher = {Springer-Verlag},
 address = {London, UK, UK},
} 

@inproceedings{HofmannJ03,
  author    = {Martin Hofmann and
               Steffen Jost},
  title     = {Static prediction of heap space usage for first-order functional programs},
  booktitle = {Conference Record of {POPL} 2003: The 30th {SIGPLAN-SIGACT} Symposium
               on Principles of Programming Languages, New Orleans, Louisisana, USA,
               January 15-17, 2003},
  pages     = {185--197},
  year      = {2003},
  crossref  = {DBLP:conf/popl/2003},
  url       = {http://doi.acm.org/10.1145/640128.604148},
  doi       = {10.1145/640128.604148},
  timestamp = {Tue, 05 Nov 2013 17:32:56 +0100},
  biburl    = {http://dblp.uni-trier.de/rec/bib/conf/popl/HofmannJ03},
  bibsource = {dblp computer science bibliography, http://dblp.org}
}

@Misc{gc_bench,
  title = 	 {An Artificial Garbage Collection Benchmark},
  howpublished = {\url{http://www.hboehm.info/gc/gc_bench.html}},
  month = 	 {July},
  year = 	 {2015},
  note = 	 {(Last Accessed)},
}

